@misc{cirrus,
  author = {{EPCC}},
  title = {{Cirrus}},
  year = 2019,
  url = {https://www.cirrus.ac.uk},
}

@misc{gfortran,
  author={{GNU Compiler Collection Team}},
  title={{The GNU Fortran Compiler}},
  year=2019,
  url={https://gcc.gnu.org/onlinedocs/gcc-4.8.5/gfortran/}
}

@article{hoare_1961,
 author = {Hoare, C. A. R.},
 title = {Algorithm 64: Quicksort},
 journal = {Commun. ACM},
 issue_date = {July 1961},
 volume = {4},
 number = {7},
 month = jul,
 year = {1961},
 issn = {0001-0782},
 pages = {321--},
 url = {http://doi.acm.org/10.1145/366622.366644},
 doi = {10.1145/366622.366644},
 acmid = {366644},
 publisher = {ACM},
 address = {New York, NY, USA},
}

@misc{openmp,
  author = {{OpenMP Architecture Review Board}},
  title = {{OpenMP} Application Program Interface Version 4.5},
  month = november,
  year = 2015,
  url = {https://www.openmp.org/wp-content/uploads/openmp-4.5.pdf}
}

